@article{childsleep,
  title={Associations of child insomnia, sleep movement, and their persistence with mental health symptoms in childhood and adolescence},
  author={Armstrong, Jeffrey M and Ruttle, Paula L and Klein, Marjorie H and Essex, Marilyn J and Benca, Ruth M},
  journal={Sleep},
  volume={37},
  number={5},
  pages={901--909},
  year={2014},
  publisher={Oxford University Press}
}